<?xml version="1.0" encoding="UTF-8"?><collection xmlns="http://www.loc.gov/MARC21/slim"><record><leader>00375nam--2200121-i-4500</leader><controlfield tag="001">000047759</controlfield><controlfield tag="002">20161230</controlfield><controlfield tag="005">20161230201046</controlfield><controlfield tag="008">060222s1000------------r-----000-0-eng-d</controlfield><datafield ind1=" " ind2=" " tag="100"><subfield code="a">Yarwood, J</subfield></datafield><datafield ind1=" " ind2=" " tag="245"><subfield code="a">High vacuum technique, theory, practice, industrial applications and properties of materials. 2-nd edition revised</subfield></datafield><datafield ind1=" " ind2=" " tag="260"><subfield code="a">New York, Wiley, 1948, Xi+140p</subfield></datafield><datafield ind1=" " ind2=" " tag="852"><subfield code="a">1512</subfield></datafield></record></collection>